<?xml version="1.0" encoding="UTF-8"?><record xmlns="http://www.loc.gov/MARC21/slim" xmlns:cinclude="http://apache.org/cocoon/include/1.0" xmlns:zs="http://www.loc.gov/zing/srw/">
  <leader>00333nz  a2200121n  4500</leader>
  <controlfield tag="001">n  97062258 </controlfield>
  <controlfield tag="003">DLC</controlfield>
  <controlfield tag="005">19970617180833.8</controlfield>
  <controlfield tag="008">970617n| acannaab|          |n ana |||  </controlfield>
  <datafield tag="010" ind1=" " ind2=" ">
    <subfield code="a">n  97062258 </subfield>
  </datafield>
  <datafield tag="040" ind1=" " ind2=" ">
    <subfield code="a">DLC</subfield>
    <subfield code="c">DLC</subfield>
  </datafield>
  <datafield tag="110" ind1="2" ind2="0">
    <subfield code="a">Georgia (Confederate cruiser)</subfield>
  </datafield>
  <datafield tag="670" ind1=" " ind2=" ">
    <subfield code="a">Midshipman in gray, 1997:</subfield>
    <subfield code="b">CIP galley (Confederate cruiser Georgia)</subfield>
  </datafield>
</record>